@inproceedings{urchs2024chatgptbias,
  author       = {Stefanie Urchs and Veronika Thurner and Matthias A{\ss}enmacher and Christian Heumann and Stephanie Thiemichen},
  title        = {How Prevalent is Gender Bias in ChatGPT? -- Exploring German and English ChatGPT Responses},
  year         = {2024},
  booktitle    = {Proceedings of the ACM Web Conference 2024},
  note         = {arXiv:2310.03031},
  url          = {https://arxiv.org/abs/2310.03031}
}

@inproceedings{zeng2024debiasprompting,
  author       = {Christine Zeng and Marcus Chung and Erik Zhou},
  title        = {Prompting for Fairness: Mitigating Gender Bias in Large Language Models with Debias Prompting},
  booktitle    = {Proceedings of the 12th International Conference on Learning Representations (ICLR)},
  year         = {2024},
  note         = {OpenReview ID: 1096e3651906cf975759252a8a72d8368b182b8a},
  url          = {https://openreview.net/pdf?id=1096e3651906cf975759252a8a72d8368b182b8a}
}

@inproceedings{savoldi2024neutraltranslation,
  author       = {Beatrice Savoldi and Andrea Piergentili and Dennis Fucci and Matteo Negri and Luisa Bentivogli},
  title        = {A Prompt Response to the Demand for Automatic Gender‑Neutral Translation},
  booktitle    = {Proceedings of the 18th Conference of the European Chapter of the Association for Computational Linguistics (EACL)},
  year         = {2024},
  pages        = {256--267},
  url          = {https://aclanthology.org/2024.eacl-short.23}
}

@article{you2024beyondbinary,
  author       = {Zhiwen You and HaeJin Lee and Shubhanshu Mishra and Sullam Jeoung and Apratim Mishra and Jinseok Kim and Jana Diesner},
  title        = {Beyond Binary Gender Labels: Revealing Gender Biases in LLMs through Gender‑Neutral Name Predictions},
  journal      = {arXiv preprint},
  year         = {2024},
  eprint       = {2407.05271},
  url          = {https://arxiv.org/pdf/2407.05271}
}

@article{zhao2024multilangbias,
  author       = {Jinman Zhao and Yitian Ding and Chen Jia and Yining Wang and Zifan Qian},
  title        = {Gender Bias in Large Language Models across Multiple Languages},
  journal      = {arXiv preprint},
  year         = {2024},
  eprint       = {2403.00277},
  url          = {https://arxiv.org/pdf/2403.00277}
}

@article{brown2020languagemodels,
  author       = {Tom Brown and Benjamin Mann and Nick Ryder and Melanie Subbiah and Jared D. Kaplan and Prafulla Dhariwal and Arvind Neelakantan and Pranav Shyam and Girish Sastry and Amanda Askell and Sandhini Agarwal and Ariel Herbert-Voss and Gretchen Krueger and Tom Henighan and Rewon Child and Aditya Ramesh and Daniel Ziegler and Jeffrey Wu and Clemens Winter and Chris Hesse and Mark Chen and Eric Sigler and Mateusz Litwin and Scott Gray and Benjamin Chess and Jack Clark and Christopher Berner and Sam McCandlish and Alec Radford and Ilya Sutskever and Dario Amodei},
  title        = {Language Models are Few-Shot Learners},
  journal      = {Advances in Neural Information Processing Systems},
  volume       = {33},
  pages        = {1877--1901},
  year         = {2020},
  url          = {https://proceedings.neurips.cc/paper/2020/file/1457c0d6bfcb4967418bfb8ac142f64a-Paper.pdf}
}

@inproceedings{gehman2020realtoxicityprompts,
  author       = {Samuel Gehman and Suchin Gururangan and Maarten Sap and Yejin Choi and Noah A. Smith},
  title        = {RealToxicityPrompts: Evaluating Neural Toxic Degeneration in Language Models},
  booktitle    = {Findings of the Association for Computational Linguistics: EMNLP 2020},
  year         = {2020},
  pages        = {3356--3369},
  url          = {https://aclanthology.org/2020.findings-emnlp.301}
}

@article{papineni2002bleu,
  author       = {Kishore Papineni and Salim Roukos and Todd Ward and Wei-Jing Zhu},
  title        = {BLEU: a Method for Automatic Evaluation of Machine Translation},
  booktitle    = {Proceedings of the 40th Annual Meeting of the Association for Computational Linguistics},
  year         = {2002},
  pages        = {311--318},
  url          = {https://aclanthology.org/P02-1040}
}

@article{bolukbasi2016mancomputer,
  author       = {Tolga Bolukbasi and Kai-Wei Chang and James Y. Zou and Venkatesh Saligrama and Adam T. Kalai},
  title        = {Man is to Computer Programmer as Woman is to Homemaker? Debiasing Word Embeddings},
  journal      = {Advances in Neural Information Processing Systems},
  volume       = {29},
  year         = {2016},
  pages        = {4349--4357},
  url          = {https://proceedings.neurips.cc/paper/2016/file/a486cd07e4ac3d270571622f4f316ec5-Paper.pdf}
}

@article{caliskan2017semantics,
  author       = {Aylin Caliskan and Joanna J. Bryson and Arvind Narayanan},
  title        = {Semantics derived automatically from language corpora contain human-like biases},
  journal      = {Science},
  volume       = {356},
  number       = {6334},
  pages        = {183--186},
  year         = {2017},
  doi          = {10.1126/science.aal4230}
}
